@article{hopkins2020stochastic,
  title={Stochastic rounding and reduced-precision fixed-point arithmetic for solving neural ordinary differential equations},
  author={Hopkins, Michael and Mikaitis, Mantas and Lester, Dave R and Furber, Steve},
  journal={Philosophical Transactions of the Royal Society A},
  volume={378},
  number={2166},
  pages={20190052},
  year={2020},
  publisher={The Royal Society Publishing}
}

@article{hopkins2015accuracy,
  title={Accuracy and efficiency in fixed-point neural ODE solvers},
  author={Hopkins, Michael and Furber, Steve},
  journal={Neural computation},
  volume={27},
  number={10},
  pages={2148--2182},
  year={2015},
  publisher={MIT Press One Rogers Street, Cambridge, MA 02142-1209, USA journals-info~…}
}

@book{BA8145844X,
  author    = "高倉, 葉子",
  title     = "数値計算の基礎 : 解法と誤差",
  publisher = "コロナ社",
  year      = "2007",
  URL       = "https://ci.nii.ac.jp/ncid/BA8145844X"
}